<?xml version="1.0" encoding="UTF-8"?><collection xmlns="http://www.loc.gov/MARC21/slim"><record><leader>00374nam--2200133-i-4500</leader><controlfield tag="001">000026436</controlfield><controlfield tag="002">20161230</controlfield><controlfield tag="005">20161230201036</controlfield><controlfield tag="008">060222s1000------------r-----000-0-eng-d</controlfield><datafield ind1=" " ind2=" " tag="080"><subfield code="a">550.145(043)</subfield></datafield><datafield ind1=" " ind2=" " tag="100"><subfield code="a">Katz, Andre</subfield></datafield><datafield ind1=" " ind2=" " tag="245"><subfield code="a">Sur les formules de discontinuite on theorie quantique axiomatique des champs. these</subfield></datafield><datafield ind1=" " ind2=" " tag="260"><subfield code="a">Paris, Universite, 1979, 73p</subfield></datafield><datafield ind1=" " ind2=" " tag="852"><subfield code="a">48407</subfield></datafield></record></collection>